
@book{intelsys,
	author        = {{Intel Corporation}},
	title         = {{Intel\textsuperscript{\textregistered} 64 and IA-32 Architectures Software Developer's Manual}},
	year          = {2016},
	month         = {April},
	number        = {325462-058US},
}

@book{inteloptimize,
	author        = {{Intel Corporation}},
	title         = {{Intel\textsuperscript{\textregistered} 64 and IA-32 Architectures Optimization Reference Manual}},
	year          = {2016},
	month         = {January},
	number        = {248966-032},
}

@book{hackersdelight,
   title =     "Hacker's Delight",
   author =    "Henry S. Warren",
   publisher = "Addison-Wesley Professional",
   isbn =      "9780201914658,0201914654",
   year =      "2002",
   series =    "",
   edition =   "",
   volume =    "",
   url =       ""
}

